% Encoding: UTF-8

@Misc{BigDataAdoption,
  author = {Columbus, Louis},
  title  = {Big Data Adoption},
  url    = {https://www.forbes.com/sites/louiscolumbus/2018/12/23/big-data-analytics-adoption-soared-in-the-enterprise-in-2018/#7d340ded332f},
}

@Article{Ach89,
  author  = {Ackoff, Russel},
  title   = {From Data to Wisdom},
  journal = {Journal of Applied Systems Analysis},
  year    = {1989},
  volume  = {16},
  issue   = {1},
  pages   = {3--9},
}

@Misc{New17,
  title          = {Big Data Executive Survey 2017},
  year           = {2017},
  url            = {http://newvantage.com/wp-content/uploads/2017/01/Big-Data-Executive-Survey-2017-Executive-Summary.pdf},
  msbib-accessed = {2019-07-28},
}

@Article{Zha12,
  author  = {Zhang, L. J.},
  title   = {Big services era: Global trends of cloud computing and big data.},
  journal = {IEEE Transactions on Services Computing},
  year    = {2012},
  volume  = {4},
  pages   = {467--468},
}

@Article{LaV11,
  author = {E. Shockley R. Hopkins M.S., Lesser, S. and Kruschwitz, N. LaValle},
  title  = {Big data, analytics and the path from insights to value.},
  year   = {2011},
  volume = {52},
  issue  = {1},
  pages  = {21--32},
}

@Article{Wal13,
  author  = {M.A. and Fawcett, S. E. Waller},
  title   = {Data science, predictive analytics, and big data: a revolution that will transform supply chain design and management.},
  journal = {Journal of Business Logistics},
  year    = {2013},
  volume  = {34},
  issue   = {2},
  pages   = {77-84.},
}

@Article{Nee13,
  author  = {Neha Garg, Varsha Mittal Neelam Singh},
  title   = {Big Data – insights, motivation and challenges},
  journal = {International Journal of Scientific \& Engineering Research, Volume 4, Issue 12, December-2013},
  year    = {2013},
  volume  = {4},
  issue   = {12},
  pages   = {2172--75},
}

@Article{Wam15,
  author  = {S. Edwards A. Chopin G., Akter, S. F. and Gnanzou, D. Wamba},
  title   = {How ‘big data’can make big impact: Findings from a systematic review and a longitudinal case study.},
  journal = {International Journal of Production Economics},
  year    = {2015},
  pages   = {pp.234-246.},
}

@Online{datadef,
  title = {Cambridge Dictionary},
  url   = {https://dictionary.cambridge.org/dictionary/english/data},
}

@Online{Cas,
  author = {Morgan, Casey},
  title  = {Data lifespan},
  url    = {https://blog.storagecraft.com/data-storage-lifespan/},
}

@Online{Ber,
  author = {Marr, Bernard},
  title  = {Big Data as a Megatrend},
  url    = {https://www.linkedin.com/pulse/20130827231108-64875646-big-data-the-mega-trend-that-will-impact-all-our-lives},
}

@Book{May13,
  author    = {V. and Cukier, K. Mayer-Schönberger},
  title     = {Big data: A revolution that will transform how we live, work, and think.},
  year      = {2013},
  publisher = {Houghton Mifflin Harcourt.},
}

@Book{Hey09,
  author    = {Hey, A. J.},
  title     = {The fourth paradigm: data-intensive scientific discovery.},
  year      = {2009},
  edition   = {2009.},
  publisher = {Microsoft research},
  location  = {Redmond, WA},
}

@Article{Kit81,
  author  = {Kitchin, R.},
  title   = {Big Data, new epistemologies and paradigm shifts.},
  journal = {Big data \& society.},
  year    = {2014},
  volume  = {1},
  issue   = {1},
  pages   = {1--12},
}

@Book{Mar15,
  author    = {Marr, B.},
  title     = {Big Data: Using SMART big data, analytics and metrics to make better decisions and improve performance.},
  year      = {2015},
  publisher = {John Wiley \& Sons.},
}

@Book{Bur92,
  author    = {Burkholder, L.},
  title     = {Philosophy and the Computer.},
  year      = {1992},
  publisher = {Westview Press},
  location  = {Boulder},
}

@Article{Boy12,
  author  = {D. and Crawford, K. Boyd},
  title   = {Critical questions for big data: Provocations for a cultural, technological, and scholarly phenomenon.},
  journal = {Information, communication \& society,},
  year    = {2012},
  volume  = {15},
  issue   = {5},
  pages   = {pp.662-679},
}

@Article{Cuk13,
  author  = {K. and Mayer-Schoenberger, V. Cukier},
  title   = {The rise of big data: How it's changing the way we think about the world.},
  journal = {Foreign Aff.},
  year    = {2013},
  volume  = {92},
  pages   = {p.28},
}

@Online{Enc19,
  title          = {Encyclopedia Britannica. (2019). Industrial Revolution | Definition, Facts, \& Summary. [online] Available at: https://www.britannica.com/event/Industrial-Revolution [Accessed 17 Jul. 2019]},
  year           = {2019},
  url            = {https://www.britannica.com/event/Industrial-Revolution},
  msbib-accessed = {2019-07},
}

@Misc{Kar19,
  title                   = {The Great Hack},
  year                    = {2019},
  msbib-director          = {Amer, Jehane Noujaim Karim},
  msbib-productioncompany = {Netflix},
}

@Book{Sch17,
  author    = {Schwab, K.},
  title     = {The fourth industrial revolution.},
  year      = {2017},
  publisher = {Currency},
}

@Book{Blo14,
  author    = {M. Duivestein S. Excoffier D. Maas R., Van Doorn, J. and Van Ommeren, E. Bloem},
  title     = {The fourth industrial revolution.},
  year      = {2014.},
  volume    = {Bloem, J., Van Doorn, M., Duivestein, S., Excoffier, D., Maas, R. and Van Ommeren, E., 2014. The fourth industrial revolution. Things Tighten, 8.},
  publisher = {Things tighten},
  pages     = {Bloem, J., Van Doorn, M., Duivestein, S., Excoffier, D., Maas, R. and Van Ommeren, E., 2014. The fourth industrial revolution. Things Tighten, 8.},
  issue     = {Bloem, J., Van Doorn, M., Duivestein, S., Excoffier, D., Maas, R. and Van Ommeren, E., 2014. The fourth industrial revolution. Things Tighten, 8.},
  journal   = {Bloem, J., Van Doorn, M., Duivestein, S., Excoffier, D., Maas, R. and Van Ommeren, E., 2014. The fourth industrial revolution. Things Tighten, 8.},
}

@Article{Tem02,
  author   = {Temin, P.},
  title    = {Price behavior in ancient Babylon.},
  journal  = {Explorations in Economic History},
  year     = {2002.},
  volume   = {39},
  issue    = {1},
  pages    = {pp.46-60.},
  location = {Temin, P., 2002. Price behavior in ancient Babylon. Explorations in Economic History, 39(1), pp.46-60.},
}

@Article{His06,
  author  = {Breasted, James Henry},
  title   = {Hstorical Documents from the Earliest Times to the Persian Conquest.},
  journal = {The Biblical World},
  year    = {1906},
  volume  = {28},
  issue   = {5},
  pages   = {pp.345-347.},
}

@Online{Com19,
  author    = {Commons.wikimedia.org.},
  title     = {Moore's Law Transistor Count 1971-2016},
  year      = {2019},
  url       = {https://commons.wikimedia.org/w/index.php?curid=71553709 },
  month     = jul,
  msbib-day = {17},
}

@Online{Fordr,
  author         = {Forbes.com},
  title          = {How Much Data Do We Create Every Day? The Mind-Blowing Stats Everyone Should Read.},
  year           = {2019},
  url            = {https://www.forbes.com/sites/bernardmarr/2018/05/21/},
  msbib-accessed = {2019-07-17},
}

@Article{Tab19,
  author  = {E., Mousavidin, P. and Hasani, S. Tabesh},
  title   = {Implementing big data strategies: A managerial perspective.},
  journal = {Business Horizons},
  year    = {2019},
  pages   = {pp.347-358.},
}

@Article{McA12,
  author  = {E. Davenport T.H. Patil D.J., Brynjolfsson, A. and Barton, D., 2012. McAfee},
  title   = {Big data: the management revolution.},
  journal = {Harvard business review.},
  year    = {2012},
  pages   = {pp.60-68.},
}

@Book{Tho18,
  author    = {Wajid Khattak, Paul Buhler Thomas Erl},
  title     = {Big Data Fundamentals: Concepts, Drivers \& Techniques},
  year      = {2018},
  publisher = {The Prentice Hall Service Technology Series},
}

@Article{Che12,
  author  = {R.H., Chiang, H. and Storey, V.C., 2012. Business intelligence and analytics: From big data to big impact. MIS quarterly, 36(4). Chen},
  title   = {Business intelligence and analytics: From big data to big impact.},
  journal = {MIS quarterly},
  year    = {2012},
}

@Article{Saw13,
  author  = {N. and Shah, H. Sawant},
  title   = {Big Data Application Architecture.},
  journal = {Big data Application Architecture Q \& A (pp. 9-28). Apress, Berkeley, CA.},
  year    = {2013},
  pages   = {pp. 9-28},
}

@Article{Jag14,
  author  = {J. Labrinidis A. Papakonstantinou Y. Patel J.M. Ramakrishnan R., Gehrke, H. V. and Shahabi, C. Jagadish},
  title   = {Big data and its technical challenges},
  journal = {Communications of the ACM,},
  year    = {2014},
  pages   = {pp.86-94.},
}

@Book{Zik11,
  author    = {P. and Eaton, C. Zikopoulos},
  title     = {Understanding big data: Analytics for enterprise class hadoop and streaming data.},
  year      = {2011},
  publisher = {McGraw-Hill Osborne Media.},
  pages     = {Zikopoulos, P. and Eaton, C., 2011. Understanding big data: Analytics for enterprise class hadoop and streaming data. McGraw-Hill Osborne Media.},
  journal   = {Zikopoulos, P. and Eaton, C., 2011. Understanding big data: Analytics for enterprise class hadoop and streaming data. McGraw-Hill Osborne Media.},
}

@Article{Nne17,
  author  = {Nnebedum, V.},
  title   = {Data Engineering: Using Data Analysis Techniques in Producing Data Driven Products.},
  journal = {Int. J. Comput. Appl},
  year    = {2017},
  pages   = {pp.13-16.},
}

@Online{Dat18,
  title     = {Database Technology 3: NewSQL in Plain English},
  year      = {2018},
  url       = {https://www.analytics.today/blog/database-technology-3-newsql-in-plain-english},
  month     = jan,
  msbib-day = {10},
}

@Article{Cai15,
  author  = {L. and Zhu, Y. Cai},
  title   = {The challenges of data quality and data quality assessment in the big data era.},
  journal = {Data science journal},
  year    = {2015.},
}

@Online{Dat,
  title = {Database normalization},
  url   = {https://en.wikipedia.org/wiki/Database_normalization#Normal_forms  },
}

@Article{Kra13,
  author  = {Kraska, T.},
  title   = {Kraska, T., 2013. Finding the needle in the big data systems haystack. IEEE internet Computing, 17(1), pp.84-86.},
  journal = {EEE internet Computing},
  year    = {2013},
  volume  = {17},
  issue   = {1},
  pages   = {pp.84-86.},
}

@Online{tra,
  title = {transaction},
  url   = {https://wikidiff.com/record/transaction},
}

@Online{ato,
  title = {atomic-operations-and-atomic-transactions},
  url   = {https://stackoverflow.com/questions/15658828/atomic-operations-and-atomic-transactions},
}

@Online{ETL,
  title = {ETL.html},
  url   = {https://www.webopedia.com/TERM/E/ETL.html},
}

@Article{Ban14,
  author  = {Bansal, S. K.},
  title   = {Towards a semantic extract-transform-load (ETL) framework for big data integration.},
  journal = {IEEE International Congress on Big Data},
  year    = {2014},
  pages   = {pp. 522-529},
}

@Article{Cod70,
  author  = {Codd, E. F.},
  title   = {A relational model of data for large shared data banks.},
  journal = {Communications of the ACM},
  year    = {1970},
  pages   = {pp.377-387.},
}

@Book{Dre08,
  author    = {Dresner, H.},
  title     = {The performance management revolution: Business results through insight and action.},
  year      = {2008},
  publisher = {John Wiley \& Sons.},
}

@Article{Vai18,
  author    = {P., Ambad, S. and Bhosle, S. Vaidya},
  title     = {Industry 4.0–a glimpse.},
  journal   = {Procedia Manufacturing.},
  year      = {2018},
  issue     = {20},
  pages     = {pp.233-238.},
  edition   = {Vaidya, S., Ambad, P. and Bhosle, S., 2018. Industry 4.0–a glimpse. Procedia Manufacturing, 20, pp.233-238.},
  location  = {Vaidya, S., Ambad, P. and Bhosle, S., 2018. Industry 4.0–a glimpse. Procedia Manufacturing, 20, pp.233-238.},
  publisher = {Vaidya, S., Ambad, P. and Bhosle, S., 2018. Industry 4.0–a glimpse. Procedia Manufacturing, 20, pp.233-238.},
}

@Article{End15,
  author  = {F. and Piringer, H. Endel},
  title   = {Data Wrangling: Making data useful again.},
  journal = {IFAC-PapersOnLine},
  year    = {2015},
  volume  = {1},
  issue   = {48},
  pages   = {pp.111-112.},
}

@InProceedings{Fur16,
  author  = {G. Neumayr B., Gottlob, T. and Sallinger, E. Furche},
  title   = {Data wrangling for big data: Towards a lingua franca for data wrangling.},
  year    = {2016},
  volume  = {Furche, T., Gottlob, G., Neumayr, B. and Sallinger, E., 2016, January. Data wrangling for big data: Towards a lingua franca for data wrangling. CEUR Workshop Proceedings.},
  pages   = {Furche, T., Gottlob, G., Neumayr, B. and Sallinger, E., 2016, January. Data wrangling for big data: Towards a lingua franca for data wrangling. CEUR Workshop Proceedings.},
  issue   = {Furche, T., Gottlob, G., Neumayr, B. and Sallinger, E., 2016, January. Data wrangling for big data: Towards a lingua franca for data wrangling. CEUR Workshop Proceedings.},
  journal = {CEUR Workshop Proceedings},
}

@Article{Gan15,
  author  = {A. and Haider, M. Gandomi},
  title   = {Beyond the hype: Big data concepts, methods, and analytics.},
  journal = {International journal of information management},
  year    = {2015},
  volume  = {35},
  issue   = {2},
  pages   = {pp.137-144.},
}

@Article{Bak99,
  author  = {M. and Buyya, R. Baker},
  title   = {Baker, M. and Buyya, R., 1999. Cluster computing at a glance. High Performance Cluster Computing: Architectures and Systems, 1(3-47), p.12.},
  journal = {High Performance Cluster Computing: Architectures and Systems},
  year    = {1999},
  volume  = {1},
  pages   = {p.12},
}

@Online{Com191,
  title          = {Computer_cluster},
  url            = {https://en.wikipedia.org/wiki/Computer_cluster},
  msbib-accessed = {2019-08-05},
}

@Article{Shv10,
  author  = {H. Radia S., Kuang, K. and Chansler, R. Shvachko},
  title   = {The hadoop distributed file system.},
  journal = {MSST},
  year    = {2010},
  volume  = {10},
  pages   = {pp. 1-10},
}

@Online{Dis19,
  title          = {Distributed_file_system_for_cloud},
  url            = {https://en.wikipedia.org/wiki/Distributed_file_system_for_cloud},
  msbib-accessed = {2019-08-05},
}

@InProceedings{Nis98,
  author    = {S. Regev O., London, N. and Camiel, N. Nisan},
  title     = {Globally distributed computation over the internet-the popcorn project.},
  year      = {1998},
  volume    = {Nisan, N., London, S., Regev, O. and Camiel, N., 1998, May. Globally distributed computation over the internet-the popcorn project. In Proceedings. 18th International Conference on Distributed Computing Systems (Cat. No. 98CB36183) (pp. 592-601). IEEE.},
  publisher = {In Proceedings. 18th International Conference on Distributed Computing Systems (Cat. No. 98CB36183)},
  pages     = {Nisan, N., London, S., Regev, O. and Camiel, N., 1998, May. Globally distributed computation over the internet-the popcorn project. In Proceedings. 18th International Conference on Distributed Computing Systems (Cat. No. 98CB36183) (pp. 592-601). IEEE.},
  url       = {Nisan, N., London, S., Regev, O. and Camiel, N., 1998, May. Globally distributed computation over the internet-the popcorn project. In Proceedings. 18th International Conference on Distributed Computing Systems (Cat. No. 98CB36183) (pp. 592-601). IEEE.},
  issue     = {Nisan, N., London, S., Regev, O. and Camiel, N., 1998, May. Globally distributed computation over the internet-the popcorn project. In Proceedings. 18th International Conference on Distributed Computing Systems (Cat. No. 98CB36183) (pp. 592-601). IEEE.},
  journal   = {Nisan, N., London, S., Regev, O. and Camiel, N., 1998, May. Globally distributed computation over the internet-the popcorn project. In Proceedings. 18th International Conference on Distributed Computing Systems (Cat. No. 98CB36183) (pp. 592-601). IEEE.},
}

@Online{Ayo16,
  author         = {Ayoub, Mina},
  title          = {https://medium.com/@mena.meseha/difference-between-distributed-and-cluster-aca9d50c2c44},
  year           = {2016},
  url            = {https://medium.com/@mena.meseha/difference-between-distributed-and-cluster-aca9d50c2c44},
  msbib-accessed = {2019-08-06},
}

@Article{Pok13,
  author  = {2013. NoSQL databases: a step to database scalability in web environment. International Journal of Web Information Systems, J. and pp.69-82. Pokorny, 9(1)},
  title   = {NoSQL databases: a step to database scalability in web environment.},
  journal = {International Journal of Web Information Systems.},
  year    = {2013},
  volume  = {9},
  issue   = {1},
  pages   = {pp.69-82.},
}

@Online{Bru15,
  author    = {Brust, Andrew},
  year      = {2015},
  url       = {https://www.dataversity.net/big-data-business-intelligence-different/#},
  month     = oct,
  msbib-day = {18},
}

@Online{Tay,
  author = {Taylor, Martin},
  title  = {rightpeoplegroup.com},
  url    = {https://rightpeoplegroup.com/what-is-business-intelligence-big-data/},
}

@Online{Liu13,
  author    = {Liu, Xinyu},
  title     = {understanding-big-data-processing-and-analytics.html},
  year      = {2013},
  url       = {https://www.developer.com/db/understanding-big-data-processing-and-analytics.html},
  month     = sep,
  msbib-day = {19},
}

@Online{pre,
  author    = {Negrin, Rick},
  title     = {pre-modern-databases-oltp-olap-and-nosql},
  year      = {2019},
  url       = {https://www.memsql.com/blog/pre-modern-databases-oltp-olap-and-nosql/},
  month     = apr,
  msbib-day = {10},
}

@TechReport{Onl,
  author    = {C., Hurtado, A. O. and Lemire, D. Mendelzon},
  title     = {Data warehousing and OLAP: a research-oriented bibliography},
  year      = {1999},
  location  = {Toronto.},
  url       = {https://en.wikipedia.org/wiki/Online_analytical_processing},
  publisher = {University of Toronto.},
}

@Article{LiY13,
  author    = {Y. and Manoharan, S. Li},
  title     = {A performance comparison of SQL and NoSQL databases.},
  journal   = {Computers and Signal Processing (PACRIM)},
  year      = {2013},
  pages     = {pp. 15-19},
  publisher = {Li, Y. and Manoharan, S., 2013, August. A performance comparison of SQL and NoSQL databases. In 2013 IEEE Pacific Rim Conference on Communications, Computers and Signal Processing (PACRIM) (pp. 15-19). IEEE.},
}

@Article{Has17,
  author  = {A. and Pattun, G. Haseeb},
  title   = {A review on NoSQL: Applications and challenges.},
  journal = {International Journal of Advanced Research in Computer Science.},
  year    = {2017},
  volume  = {8},
  issue   = {1},
}

@Article{Bag15,
  author  = {S. and Nguyen, L. T. Bagui},
  title   = {Database sharding: to provide fault tolerance and scalability of big data on the cloud.},
  journal = {International Journal of Cloud Applications and Computing (IJCAC)},
  year    = {2015},
  volume  = {5},
  issue   = {2},
  pages   = {pp.36-52.},
}

@Online{Dra19,
  author         = {Drake, Mark},
  title          = {understanding-database-sharding},
  year           = {2019},
  url            = {https://www.digitalocean.com/community/tutorials/understanding-database-sharding},
  msbib-accessed = {2019-08-07},
}

@Online{Hof18,
  author         = {Hoff, Todd},
  title          = {troubles-with-sharding-what-can-we-learn-from-the-foursquare},
  year           = {2018},
  url            = {http://highscalability.com/blog/2010/10/15/troubles-with-sharding-what-can-we-learn-from-the-foursquare.html},
  msbib-accessed = {2019-08-07},
}

@Online{Isa09,
  author         = {Isaacson, Cory},
  title          = {Database-Sharding--The-Key-to-Database-Scalability},
  year           = {2009},
  url            = {http://www.dbta.com/Editorial/Trends-and-Applications/Database-Sharding--The-Key-to-Database-Scalability-55615.aspx},
  msbib-accessed = {2019-08-07},
}

@Online{Roy08,
  author         = {Roy, Rahul},
  title          = {shard-database-design},
  year           = {2008},
  url            = {http://technoroy.blogspot.com/2008/07/shard-database-design.html},
  msbib-accessed = {2019-08-07},
}

@Online{Hal18,
  author         = {Haldar, Deb},
  title          = {database-sharding},
  year           = {2018},
  url            = {https://www.acodersjourney.com/database-sharding/},
  msbib-accessed = {2019-08-07},
}

@Online{Pan19,
  author         = {Pandey, Harshita},
  title          = {DBMS | Data Replication},
  url            = {https://www.geeksforgeeks.org/dbms-data-replication/},
  msbib-accessed = {2019-08-07},
}

@Online{Dus13,
  author         = {Dusek, Jason},
  title          = {What-are-Master-and-Slave-databases-and-how-does-pairing-them-make-web-apps-faster},
  year           = {2013},
  url            = {https://www.quora.com/What-are-Master-and-Slave-databases-and-how-does-pairing-them-make-web-apps-faster},
  msbib-accessed = {2019-08-07},
}

@Online{mic17,
  title          = {transactional/peer-to-peer-transactional-replication},
  year           = {2017},
  url            = {https://docs.microsoft.com/en-us/sql/relational-databases/replication/transactional/peer-to-peer-transactional-replication?view=sql-server-2017},
  msbib-accessed = {2019-08-07},
}

@Online{Ash10,
  author         = {Ashton, Graham},
  title          = {http://effectif.com/mongodb/replication-and-replica-sets},
  year           = {2010},
  url            = {http://effectif.com/mongodb/replication-and-replica-sets},
  msbib-accessed = {2019-08-07},
}

@Online{Kri08,
  author         = {Krishnan, Murali},
  title          = {overview-of-peertopeer-transactional-replication-in-sql-server-2008},
  year           = {2008},
  url            = {https://www.mssqltips.com/sqlservertip/2494/overview-of-peertopeer-transactional-replication-in-sql-server-2008/},
  msbib-accessed = {2019-08-07},
}

@Online{Tor19,
  author         = {Torlone, Prof. Riccardo},
  title          = {bigdata},
  year           = {2019},
  url            = {http://torlone.dia.uniroma3.it/bigdata/L9-NoSQL.pdf},
  msbib-accessed = {2019-08-07},
}

@Online{Tud17,
  author         = {Technologies, Tudip},
  title          = {mongodb-sharding-replication-and-clusters},
  year           = {2017},
  url            = {https://medium.com/@tudip/mongodb-sharding-replication-and-clusters-d95a6595bd2c},
  msbib-accessed = {2019-08-07},
}

@Article{Bag151,
  author  = {S. and Nguyen, L. T. Bagui},
  title   = {Database sharding: to provide fault tolerance and scalability of big data on the cloud.},
  journal = {International Journal of Cloud Applications and Computing (IJCAC)},
  year    = {2015},
  volume  = {5},
  issue   = {2},
  pages   = {pp.36-52.},
}

@Article{Bre10,
  author  = {Brewer, E.},
  title   = {A certain freedom: thoughts on the CAP theorem.},
  journal = {In Proceedings of the 29th ACM SIGACT-SIGOPS symposium on Principles of distributed computing},
  year    = {2010},
  pages   = {pp. 335-335},
}

@Online{Gui18,
  author         = {Jacquart, Guillaume},
  title          = {databases-history-and-use-cases-part-1},
  year           = {2018},
  url            = {https://medium.com/@guillaumejacquart/databases-history-and-use-cases-part-1-b79beeb7e9b4},
  issue          = {https://medium.com/@guillaumejacquart/databases-history-and-use-cases-part-1-b79beeb7e9b4},
  journal        = {https://medium.com/@guillaumejacquart/databases-history-and-use-cases-part-1-b79beeb7e9b4},
  msbib-accessed = {2019-08-07},
  pages          = {https://medium.com/@guillaumejacquart/databases-history-and-use-cases-part-1-b79beeb7e9b4},
  volume         = {https://medium.com/@guillaumejacquart/databases-history-and-use-cases-part-1-b79beeb7e9b4},
}

@Article{Gil12,
  author  = {S. and Lynch, N. Gilbert},
  title   = {Perspectives on the CAP Theorem},
  journal = {Computer},
  year    = {2012},
  volume  = {45},
  issue   = {2},
  pages   = {pp.30-36.},
}

@Article{Aba12,
  author  = {Abadi, D.},
  title   = {Consistency tradeoffs in modern distributed database system design: CAP is only part of the story.},
  journal = {Computer},
  year    = {2012},
  volume  = {45},
  issue   = {2},
  pages   = {pp.37-42.},
}

@Article{Sha12,
  author  = {V. and Dave, M., 2012. Sharma},
  title   = {Sql and nosql databases.},
  journal = {International Journal of Advanced Research in Computer Science and Software Engineering},
  year    = {2012},
  volume  = {2},
  issue   = {8},
}

@Article{Map13,
  author  = {I. and Kadebu, P. Mapanga},
  title   = {Database management systems: A nosql analysis. International journal of Modern Communication Technologies and Research, 1(7).},
  journal = {International journal of Modern Communication Technologies and Research},
  year    = {2013},
  volume  = {1},
  issue   = {7},
}

@Article{Gol16,
  author  = {M., Sargolzaei-Javan, Z. and Akbari, M. K. Goli-Malekabadi},
  title   = {An effective model for store and retrieve big health data in cloud computing.},
  journal = {Computer methods and programs in biomedicine.},
  year    = {2016},
  volume  = {132},
  pages   = {pp.75-82.},
}

@Article{Bor13,
  author  = {Borthakur, D.},
  title   = {Petabyte scale databases and storage systems at facebook.},
  journal = {ACM SIGMOD International Conference on Management of Data},
  year    = {2013},
  pages   = {pp. 1267-1268},
}

@Article{Lee12,
  author  = {Y.J. Choi H. Chung Y.D., Lee, K. H. and Moon, B. Lee},
  title   = {Lee, K.H., Lee, Y.J., Choi, H., Chung, Y.D. and Moon, B., 2012. Parallel data processing with MapReduce: a survey. AcM sIGMoD Record, 40(4), pp.11-20.},
  journal = {AcM sIGMoD Record},
  year    = {2012},
  volume  = {40},
  issue   = {4},
  pages   = {pp.11-20.},
}

@Article{Ung63,
  author  = {Unger, S. H.},
  title   = {Parallel data processing apparatus. U.S. Patent 3,106,698.},
  journal = {U.S. Patent 3,106,698.},
  year    = {1963},
}

@Article{GuL14,
  author  = {D. Li P., Zeng, L. and Guo, S. Gu},
  title   = {Cost minimization for big data processing in geo-distributed data centers.},
  journal = {IEEE transactions on Emerging topics in Computing},
  year    = {2014},
  volume  = {2},
  issue   = {3},
  pages   = {pp.314-323.},
}

@Article{Sun94,
  author  = {G.A. Dongarra J., Geist, V. S. and Manchek, R. Sunderam},
  title   = {The PVM concurrent computing system: Evolution, experiences, and trends.},
  journal = {Parallel computing},
  year    = {1994},
  volume  = {20},
  issue   = {4},
  pages   = {pp.531-545.},
}

@Article{HuH14,
  author  = {Y. Chua T.S., Wen, H. and Li, X. Hu},
  title   = {Toward scalable systems for big data analytics: A technology tutorial.},
  journal = {IEEE access},
  year    = {2014},
  volume  = {2},
  pages   = {pp.652-687.},
}

@Article{Sha14,
  author  = {Shahrivari, S.},
  title   = {Beyond batch processing: towards real-time and streaming big data.},
  journal = {Computers},
  year    = {2014},
  volume  = {3},
  issue   = {4},
  pages   = {pp.117-129.},
}

@Article{Aki16,
  author  = {Akidau, T.},
  title   = {The world beyond batch: Streaming 101},
  journal = {oreilly.com.},
  year    = {2016},
}

@Article{Cat11,
  author  = {Cattell, R.},
  title   = {Scalable SQL and NoSQL data stores.},
  journal = {Acm Sigmod Record,},
  year    = {2011},
  volume  = {49},
  issue   = {4},
  pages   = {pp.12-27.},
}

@Article{LiY131,
  author  = {Y. and Manoharan, S. Li},
  title   = {A performance comparison of SQL and NoSQL databases.},
  journal = {IEEE Pacific Rim Conference on Communications, Computers and Signal Processing (PACRIM)},
  year    = {2013},
  pages   = {pp. 15-19},
}

@Article{Sha121,
  author  = {V. and Dave, M. Sharma},
  title   = {ql and nosql databases.},
  journal = {International Journal of Advanced Research in Computer Science and Software Engineering,},
  year    = {2012},
  volume  = {2},
  issue   = {8},
}

@Article{Arm15,
  author  = {R.S. Lian C. Huai Y. Liu D. Bradley J.K. Meng X. Kaftan T. Franklin M.J. Ghodsi A., Xin, M. and Zaharia, M. Armbrust},
  title   = {Spark sql: Relational data processing in spark. I},
  journal = {In Proceedings of the 2015 ACM SIGMOD international conference},
  year    = {2015},
}

@Article{Mad12,
  author  = {2012. From databases to big data. IEEE Internet Computing, S. and 16(3), pp.4-6. Madden},
  title   = {From databases to big data.},
  journal = {IEEE Internet Computing,},
  year    = {2012},
  volume  = {16},
  issue   = {3},
  pages   = {pp.4-6.},
}

@Article{Pav16,
  author  = {A. and Aslett, M. Pavlo},
  title   = {What's really new with NewSQL?},
  journal = {ACM Sigmod Record},
  year    = {2016},
  volume  = {45},
  issue   = {2},
  pages   = {pp.45-55.},
}

@Article{Kam14,
  author  = {G. Kumar V., Kollias, K. and Grama, A., 2014. Trends in big data analytics. Journal of Parallel and Distributed Computing, 74(7), pp.2561-2573. Kambatla},
  title   = {Trends in big data analytics.},
  journal = {Journal of Parallel and Distributed Computing.},
  year    = {2014},
  volume  = {74},
  issue   = {7},
  pages   = {pp.2561-2573.},
}

@Article{Zha15,
  author  = {G. Ooi B.C. Tan K.L., Chen, H. and Zhang, M. Zhang},
  title   = {In-memory big data management and processing: A survey.},
  journal = {IEEE Transactions on Knowledge and Data Engineering,},
  year    = {2015},
  volume  = {27},
  issue   = {7},
  pages   = {pp.1920-1948.},
}

@Article{Won15,
  author  = {H.S.P. and Salahuddin, S. Wong},
  title   = {Memory leads the way to better computing.},
  journal = {Nature nanotechnology},
  year    = {2015},
  volume  = {3},
  issue   = {10},
  pages   = {p.191.},
}

@Article{Tol11,
  author  = {D.S.W., Tansley, K. M. and Hey, A. J. Tolle},
  title   = {The fourth paradigm: Data-intensive scientific discovery [point of view].},
  journal = {Proceedings of the IEEE.},
  year    = {2011},
  volume  = {99},
  issue   = {8},
  pages   = {pp.1334-1337.},
}

@Article{Her11,
  author   = {H. Luo G. Borisov N. Dong L. Cetin F.B., Lim, H. and Babu, S. Herodotou},
  title    = {Starfish: A Self-tuning System for Big Data Analytics.},
  journal  = {Cidr},
  year     = {2011},
  volume   = {11},
  issue    = {2011},
  pages    = {pp. 261-272},
  location = {Herodotou, H., Lim, H., Luo, G., Borisov, N., Dong, L., Cetin, F.B. and Babu, S., 2011, January. Starfish: A Self-tuning System for Big Data Analytics. In Cidr (Vol. 11, No. 2011, pp. 261-272).},
}

@Online{Par09,
  author         = {Parisseau, Beth},
  title          = {https://searchdisasterrecovery.techtarget.com/feature/A-tutorial-on-self-healing-data-storage-systems},
  year           = {2009},
  url            = {https://searchdisasterrecovery.techtarget.com/feature/A-tutorial-on-self-healing-data-storage-systems},
  msbib-accessed = {2019-08-10},
}

@Online{van15,
  author         = {van der Lans, Rick},
  title          = {searchdatamanagement.techtarget.com},
  year           = {2015},
  url            = {https://searchdatamanagement.techtarget.com/blog/The-Wondrous-World-of-Data/Big-Data-Myth-3-Big-Data-is-Too-Big-for-SQL},
  msbib-accessed = {2019-08-10},
}

@Book{Fox97,
  author    = {Fox, J.},
  title     = {Fox, J., 1997. Applied regression analysis, linear models, and related methods. Sage Publications, Inc.},
  year      = {1997},
  publisher = {Sage Publications, Inc.},
}

@Article{Coc49,
  author    = {D. and Orcutt, G. H. Cochrane},
  title     = {Application of least squares regression to relationships containing auto-correlated error terms},
  journal   = {Journal of the American statistical association.},
  year      = {1949},
  editor    = {D. and Orcutt, G.H., 1949. Application of least squares regression to relationships containing auto-correlated error terms. Journal of the American statistical association 44(245) pp.32-61. Cochrane},
  volume    = {44},
  issue     = {245},
  pages     = {pp.32-61.},
  booktitle = {Cochrane, D. and Orcutt, G.H., 1949. Application of least squares regression to relationships containing auto-correlated error terms. Journal of the American statistical association, 44(245), pp.32-61.},
  edition   = {Cochrane, D. and Orcutt, G.H., 1949. Application of least squares regression to relationships containing auto-correlated error terms. Journal of the American statistical association, 44(245), pp.32-61.},
  location  = {Cochrane, D. and Orcutt, G.H., 1949. Application of least squares regression to relationships containing auto-correlated error terms. Journal of the American statistical association, 44(245), pp.32-61.},
  publisher = {Cochrane, D. and Orcutt, G.H., 1949. Application of least squares regression to relationships containing auto-correlated error terms. Journal of the American statistical association, 44(245), pp.32-61.},
}

@Book{Tho95,
  author  = {Thompson, B.},
  title   = {Stepwise regression and stepwise discriminant analysis need not apply here: A guidelines editorial.},
  year    = {1995},
  volume  = {Thompson, B., 1995. Stepwise regression and stepwise discriminant analysis need not apply here: A guidelines editorial.},
  issue   = {Thompson, B., 1995. Stepwise regression and stepwise discriminant analysis need not apply here: A guidelines editorial.},
  journal = {Thompson, B., 1995. Stepwise regression and stepwise discriminant analysis need not apply here: A guidelines editorial.},
}

@Article{Fri91,
  author  = {Friedman, J. H.},
  title   = {Multivariate adaptive regression splines.},
  journal = {The annals of statistics},
  year    = {1991},
  volume  = {19},
  issue   = {1},
  pages   = {pp.1-67.},
}

@Online{Bor18,
  author         = {Borges, Menezes Diogo},
  title          = {https://medium.com},
  year           = {2018},
  url            = {https://medium.com/diogo-menezes-borges/give-me-the-antidote-for-the-curse-of-dimensionality-b14bce4bf4d2},
  msbib-accessed = {2018-08-11},
}

@Article{Fri84,
  author  = {J. and Tibshirani, R. Friedman},
  title   = {The monotone smoothing of scatterplots.},
  journal = {Technometrics.},
  year    = {1984},
  volume  = {26},
  issue   = {3},
  pages   = {pp.243-250.},
}

@Book{Seb12,
  author    = {G.A. and Lee, A. J. Seber},
  title     = {Linear regression analysis},
  year      = {2012},
  edition   = {329},
  publisher = {John Wiley \& Sons.},
}

@Article{Kot07,
  author  = {I., Zaharakis, S. B. and Pintelas, P. Kotsiantis},
  title   = {Supervised machine learning: A review of classification techniques.},
  journal = {Emerging artificial intelligence applications in computer engineering},
  year    = {2007},
  volume  = {160},
  pages   = {pp.3-24},
}

@Article{Zhu05,
  author  = {Zhu, X. J.},
  title   = {Semi-supervised learning literature survey.},
  journal = {University of Wisconsin-Madison Department of Computer Sciences.},
  year    = {2005},
}

@Book{Har12,
  author    = {Harrington, P.},
  title     = {Harrington, P., 2012. Machine learning in action. Manning Publications Co..},
  year      = {2012},
  publisher = {Manning Publications Co..},
}

@Article{Joh67,
  author  = {Johnson, S. C.},
  title   = {Hierarchical clustering schemes.},
  journal = {Psychometrika},
  year    = {1967},
  volume  = {32},
  issue   = {3},
  pages   = {pp.241-254.},
}

@Article{Sen10,
  author  = {G. and Elder, J. F. Seni},
  title   = {Ensemble methods in data mining: improving accuracy through combining predictions.},
  journal = {Synthesis lectures on data mining and knowledge discovery.},
  year    = {2010},
  volume  = {2},
  issue   = {1},
  pages   = {pp.1-126.},
}

@Book{Goo16,
  author    = {Y., Bengio, I. and Courville, A. Goodfellow},
  title     = {Deep learning},
  year      = {2016},
  publisher = {MIT press.},
}

@Article{Row00,
  author  = {S.T. and Saul, L. K. Roweis},
  title   = {Nonlinear dimensionality reduction by locally linear embedding.},
  journal = {science},
  year    = {2000},
  volume  = {290},
  issue   = {5500},
  pages   = {pp.2323-2326.},
}

@Book{Tor10,
  author    = {L. and Shavlik, J. Torrey},
  title     = {Transfer learning},
  year      = {2010},
  publisher = {IGI Global.},
  pages     = {pp. 242-264},
  booktitle = {Handbook of research on machine learning applications and trends: algorithms, methods, and techniques},
}

@Book{Sut98,
  author    = {R.S. and Barto, A. G. Sutton},
  title     = {Introduction to reinforcement learning},
  year      = {1998},
  edition   = {Vol 2 No. 4},
  publisher = {MIT press},
  location  = {Cambridge},
}

@Book{Man99,
  author    = {C.D., Manning, C. D. and Schütze, H. Manning},
  title     = {Foundations of statistical natural language processing.},
  year      = {1999},
  publisher = {MIT press.},
}

@InProceedings{Liu15,
  author    = {Z. Chua T.S., Liu, Y. and Sun, M. Liu},
  title     = {Topical word embeddings.},
  year      = {2015},
  publisher = {In Twenty-Ninth AAAI Conference on Artificial Intelligence.},
}

@Book{Nil14,
  author    = {Nilsson, N. J.},
  title     = {Principles of artificial intelligence.},
  year      = {2014},
  publisher = {Morgan Kaufmann.},
}

@Article{Wan16,
  author  = {J.J. Zheng X. Wang X. Yuan Y. Dai X. Zhang J., Zhang, F. Y. and Yang, L. Wang},
  title   = {Where does AlphaGo go: From church-turing thesis to AlphaGo thesis and beyond.},
  journal = {IEEE/CAA Journal of Automatica Sinica},
  year    = {12016},
  volume  = {3},
  issue   = {2},
  pages   = {pp.113-120.},
}

@Article{Ati12,
  author  = {Y. Frachtenberg E. Jiang S., Xu, B. and Paleczny, M. Atikoglu},
  title   = {Workload analysis of a large-scale key-value store},
  journal = {In ACM SIGMETRICS Performance Evaluation Review},
  year    = {2012},
  volume  = {40},
  issue   = {1},
  pages   = {pp. 53-64},
}

@Article{Aba09,
  author  = {P.A., Boncz, D. J. and Harizopoulos, S. Abadi},
  title   = {Column-oriented database systems},
  journal = {Proceedings of the VLDB Endowment},
  year    = {2009},
  volume  = {2},
  issue   = {2},
  pages   = {pp.1664-1665},
}

@Article{Cat111,
  author  = {Cattell, R.},
  title   = {Scalable SQL and NoSQL data stores},
  journal = {Acm Sigmod Record},
  year    = {2011},
  volume  = {39},
  issue   = {4},
  pages   = {pp.12-27},
}

@Article{Ang08,
  author  = {R. and Gutierrez, C. Angles},
  title   = {Survey of graph database models},
  journal = {ACM Computing Surveys (CSUR)},
  year    = {2008},
  volume  = {40},
  issue   = {1},
  pages   = {40(1), p.1},
}

@Book{Zik111,
  author    = {P. and Eaton, C. Zikopoulos},
  title     = {Understanding big data: Analytics for enterprise class hadoop and streaming data},
  year      = {2011},
  publisher = {McGraw-Hill Osborne Media.},
}

@Article{Mon13,
  author  = {A.B.M. and Hossain, S.A., 2013. Nosql database: New era of databases for big data analytics-classification characteristics and comparison. arXiv preprint arXiv:1307.0191. Moniruzzaman},
  title   = {Moniruzzaman, A.B.M. and Hossain, S.A.},
  journal = {arXiv:1307.0191.},
  year    = {2013},
}

@Article{Ste15,
  author  = {S.Y. Faghri F. Campbell R.H. Zhai C. Efron M.J. Iyer R. Schatz M.C. Sinha S., Lee, Z. D. and Robinson, G. E. Stephens},
  title   = {Stephens, Z.D., Lee, S.Y., Faghri, F., Campbell, R.H., Zhai, C., Efron, M.J., Iyer, R., Schatz, M.C., Sinha, S. and Robinson, G.E.},
  journal = {PLoS biology},
  year    = {2015},
  volume  = {13},
  issue   = {7},
}

@Book{Zik112,
  author    = {P. and Eaton, C. Zikopoulos},
  title     = {Understanding big data: Analytics for enterprise class hadoop and streaming data},
  year      = {2011},
  publisher = {McGraw-Hill Osborne Media.},
}

@Article{Lan15,
  author  = {T.M. Richter A.N., Khoshgoftaar, S. and Hasanin, T., 2015. A. survey of open source tools for machine learning with big data in the Hadoop ecosystem. Journal of Big Data 2(1) p.24. Landset},
  title   = {A survey of open source tools for machine learning with big data in the Hadoop ecosystem},
  journal = {Journal of Big Data},
  year    = {2015},
  volume  = {2},
  issue   = {1},
  pages   = {p.24.},
}

@InProceedings{Zha18,
  author    = {Zhang, D.},
  title     = {Big data security and privacy protection},
  year      = {2018},
  publisher = {Atlantis Press.},
}

@Article{Mor16,
  author  = {M., Serrano, J. and Fernández-Medina, E. Moreno},
  title   = {Main issues in big data security},
  journal = {Future Internet},
  year    = {2016},
  volume  = {8},
  issue   = {3},
  pages   = {44},
}

@InProceedings{Jha14,
  author    = {M. O'Brien L., Jha, S. and Wells, M. Jha},
  title     = {Integrating legacy system into big data solutions: Time to make the change.},
  year      = {2014},
  volume    = {Jha, S., Jha, M., O'Brien, L. and Wells, M., 2014, November. Integrating legacy system into big data solutions: Time to make the change. In Asia-Pacific World Congress on Computer Science and Engineering (pp. 1-10). IEEE.},
  publisher = {IEEE},
  pages     = {Jha, S., Jha, M., O'Brien, L. and Wells, M., 2014, November. Integrating legacy system into big data solutions: Time to make the change. In Asia-Pacific World Congress on Computer Science and Engineering (pp. 1-10). IEEE.},
  issue     = {Jha, S., Jha, M., O'Brien, L. and Wells, M., 2014, November. Integrating legacy system into big data solutions: Time to make the change. In Asia-Pacific World Congress on Computer Science and Engineering (pp. 1-10). IEEE.},
  journal   = {Jha, S., Jha, M., O'Brien, L. and Wells, M., 2014, November. Integrating legacy system into big data solutions: Time to make the change. In Asia-Pacific World Congress on Computer Science and Engineering (pp. 1-10). IEEE.},
}

@Article{Gro13,
  author  = {W.A. Tiwari A., Higashino, K. and Capretz, M. A. Grolinger},
  title   = {Data management in cloud environments: NoSQL and NewSQL data stores},
  journal = {Journal of Cloud Computing: advances, systems and applications},
  year    = {2013},
  volume  = {2},
  issue   = {1},
  pages   = {22},
}

@Article{Has15,
  author  = {I.A.T., Yaqoob, I. Anuar N. B. Mokhtar S. Gani A. and Khan, S. U. Hashem},
  title   = {The rise of “big data” on cloud computing: Review and open research issues},
  journal = {Information systems},
  year    = {2015},
  volume  = {47},
  pages   = {98-115.},
}

@Article{JiC12,
  author  = {Y. Qiu W. Awada U., Li, C. and Li, K. Ji},
  title   = {Big data processing in cloud computing environments},
  journal = {12th international symposium on pervasive systems, algorithms and networks},
  year    = {2012},
  pages   = {17--23},
}

@Article{Gho07,
  author  = {A. Herman T., Gupta, S. and Pemmaraju, S. V. Ghosh},
  title   = {Fault-containing self-stabilizing distributed protocols.},
  journal = {Distributed Computing},
  year    = {2007},
  volume  = {20},
  issue   = {1},
  pages   = {pp.53-73},
}

@InProceedings{Hua14,
  author    = {A. Gates A. Hagleitner G. Hanson E.N. O'Malley O. Pandey J. Yuan Y. Lee R., Chauhan, Y. and Zhang, X. Huai},
  title     = {Major technical advancements in apache hive.},
  year      = {2014},
  publisher = {In Proceedings of the 2014 ACM SIGMOD international conference on Managemen},
  journal   = {Huai, Y., Chauhan, A., Gates, A., Hagleitner, G., Hanson, E.N., O'Malley, O., Pandey, J., Yuan, Y., Lee, R. and Zhang, X., 2014, June. Major technical advancements in apache hive. In Proceedings of the 2014 ACM SIGMOD international conference on Managemen},
}

@InProceedings{Liu14,
  author    = {N., Iftikhar, X. and Xie, X. Liu},
  title     = {Survey of real-time processing systems for big data.},
  year      = {2014},
  publisher = {ACM.},
}

@InProceedings{Dem12,
  author    = {C., De Laat, Y. and Membrey, P. Demchenko},
  title     = {Defining architecture components of the Big Data Ecosystem.},
  year      = {2012},
  volume    = {Demchenko, Y., De Laat, C. and Membrey, P., 2014, May. Defining architecture components of the Big Data Ecosystem. In 2014 International Conference on Collaboration Technologies and Systems (CTS) (pp. 104-112). IEEE.},
  publisher = {IEEE},
  pages     = {Demchenko, Y., De Laat, C. and Membrey, P., 2014, May. Defining architecture components of the Big Data Ecosystem. In 2014 International Conference on Collaboration Technologies and Systems (CTS) (pp. 104-112). IEEE.},
  issue     = {Demchenko, Y., De Laat, C. and Membrey, P., 2014, May. Defining architecture components of the Big Data Ecosystem. In 2014 International Conference on Collaboration Technologies and Systems (CTS) (pp. 104-112). IEEE.},
  journal   = {Demchenko, Y., De Laat, C. and Membrey, P., 2014, May. Defining architecture components of the Big Data Ecosystem. In 2014 International Conference on Collaboration Technologies and Systems (CTS) (pp. 104-112). IEEE.},
}

@InProceedings{Bak12,
  author    = {Bakshi, 2012, K.},
  title     = {Considerations for big data: Architecture and approach.},
  year      = {2012},
  publisher = {In 2012 IEEE Aerospace Conference (pp. 1-7). IEEE.},
}

@Article{Shv101,
  author  = {H. Radia S., Kuang, K. and Chansler, R., 2010 May. The hadoop distributed file system. In M. S. S. T. (Vol. 10 pp. 1-10). Shvachko},
  title   = {The hadoop distributed file system.},
  journal = {MSST},
  year    = {2010},
  volume  = {10},
  pages   = {pp. 1-10},
}

@InProceedings{Vav13,
  author    = {A.C. Douglas C. Agarwal S. Konar M. Evans R. Graves T. Lowe J. Shah H. Seth S., Murthy, V. K. and Saha, B. Vavilapalli},
  title     = {Apache hadoop yarn: Yet another resource negotiator.},
  year      = {2013},
  publisher = {Proceedings of the 4th annual Symposium on Cloud},
}

@Article{Chu07,
  author  = {S.K. Lin Y.A. Yu Y. Bradski G. Olukotun K., Kim, C. T. and Ng, A. Y. Chu},
  title   = {Map-reduce for machine learning on multicore},
  journal = {Advances in neural information processing systems},
  year    = {2007},
  pages   = {pp. 281-288},
}

@Article{Vai16,
  author  = {M. and Deshpande, S. Vaidya},
  title   = {Critical study of performance parameters on distributed file systems using MapReduce},
  journal = {Procedia Computer Science},
  year    = {2016},
  volume  = {78},
  pages   = {pp.224-232.},
}

@Patent{Mor03,
  author         = {2003. High performance disk mirroring. U.S. Patent 6 654 862. Morris, NCR Corp, J. M.},
  title          = {High performance disk mirroring.},
  number         = {6,654,862.},
  year           = {2003},
  msbib-inventor = {NCR Corp Morris, J. M.},
}

@Article{Che00,
  author  = {I. Kesselman C. Salisbury C., Foster, A. and Tuecke, S. Chervenak},
  title   = {The data grid: Towards an architecture for the distributed management and analysis of large scientific datasets},
  journal = {Journal of network and computer applications},
  year    = {2000},
  volume  = {23},
  issue   = {3},
  pages   = {pp.187-200.},
}

@InProceedings{Huang1994,
  author    = {Huang, T. and Koller, D. and Malik, J. and Ogasawara, G. and Rao, B. and Russell, S. and Weber, J.},
  booktitle = {Proceedings of the Twelfth National Conference on Artificial Intelligence (Vol. 2)},
  title     = {Automatic Symbolic Traffic Scene Analysis Using Belief Networks},
  isbn      = {0-262-61102-3},
  location  = {Seattle, Washington, USA},
  pages     = {966--972},
  publisher = {American Association for Artificial Intelligence},
  series    = {AAAI'94},
  url       = {http://dl.acm.org/citation.cfm?id=199480.199505},
  acmid     = {199505},
  address   = {Menlo Park, CA, USA},
  numpages  = {7},
  year      = {1994},
}

@Article{Majumder2017,
  author    = {Majumder, Navonil and Poria, Soujanya and Gelbukh, Alexander and Cambria, Erik},
  title     = {Deep learning-based document modeling for personality detection from text},
  number    = {2},
  pages     = {74--79},
  volume    = {32},
  journal   = {IEEE Intelligent Systems},
  publisher = {IEEE},
  year      = {2017},
}

@Article{fang2019detection,
  author    = {Fang, Shih-Hau and Tsao, Yu and Hsiao, Min-Jing and Chen, Ji-Ying and Lai, Ying-Hui and Lin, Feng-Chuan and Wang, Chi-Te},
  title     = {Detection of pathological voice using cepstrum vectors: A deep learning approach},
  number    = {5},
  pages     = {634--641},
  volume    = {33},
  journal   = {Journal of Voice},
  publisher = {Elsevier},
  year      = {2019},
}

@Article{marr2018much,
  author  = {Marr, Bernard},
  title   = {how much data do we create every day? The mind-blowing stats everyone should read},
  journal = {Forbes, May 21st, www. forbes. com/sites/bernardmarr/2018/05/21/how-much-data-do-we-create-every-day-the-mind-blowing-stats-everyone-should-read/, accessed July 10th},
  year    = {2018},
}

@Article{liu2011human,
  author    = {Liu, Yan-qiu and Wang, Xu},
  title     = {Human gait recognition for Multiple views},
  pages     = {1832--1836},
  volume    = {15},
  journal   = {Procedia Engineering},
  publisher = {Elsevier},
  year      = {2011},
}

@Comment{jabref-meta: databaseType:biblatex;}
